<record><leader>00000cas a22000007a 4500</leader><controlfield tag="001">19498087</controlfield><controlfield tag="008">890405d18451898mduwr ne      0    0eng d</controlfield><datafield ind1=" " ind2=" " tag="010"><subfield code="a">sn 89060060 </subfield></datafield><datafield ind1=" " ind2=" " tag="040"><subfield code="a">MFN</subfield><subfield code="b">eng</subfield><subfield code="c">MFN</subfield><subfield code="d">DLC</subfield><subfield code="d">MFN</subfield><subfield code="d">DLC</subfield><subfield code="d">OCLCQ</subfield><subfield code="d">UMC</subfield><subfield code="d">OCLCF</subfield></datafield><datafield ind1="1" ind2=" " tag="029"><subfield code="a">AU@</subfield><subfield code="b">000026228483</subfield></datafield><datafield ind1=" " ind2=" " tag="042"><subfield code="a">msc</subfield></datafield><datafield ind1=" " ind2=" " tag="043"><subfield code="a">n-us-md</subfield></datafield><datafield ind1="0" ind2="0" tag="050"><subfield code="a">Newspaper</subfield></datafield><datafield ind1="0" ind2="0" tag="245"><subfield code="a">Port Tobacco times, and Charles County advertiser.</subfield></datafield><datafield ind1="3" ind2="0" tag="246"><subfield code="a">Port Tobacco times</subfield></datafield><datafield ind1=" " ind2=" " tag="260"><subfield code="a">Port Tobacco, Md. :</subfield><subfield code="b">E. Wells., Jr. &amp; G.W. Hodges</subfield></datafield><datafield ind1=" " ind2=" " tag="300"><subfield code="a">v.</subfield></datafield><datafield ind1=" " ind2=" " tag="310"><subfield code="a">Weekly</subfield></datafield><datafield ind1="1" ind2=" " tag="362"><subfield code="a">Began in 1845?</subfield></datafield><datafield ind1="0" ind2=" " tag="362"><subfield code="a">-v. 54, no. 33 (Jan. 14, 1898).</subfield></datafield><datafield ind1=" " ind2=" " tag="588"><subfield code="a">Description based on: Vol. 2, no. 8 (June 26, 1845).</subfield></datafield><datafield ind1=" " ind2="0" tag="651"><subfield code="a">Port Tobacco (Md.)</subfield><subfield code="v">Newspapers.</subfield></datafield><datafield ind1=" " ind2="0" tag="651"><subfield code="a">Charles County (Md.)</subfield><subfield code="v">Newspapers.</subfield></datafield><datafield ind1=" " ind2="7" tag="655"><subfield code="a">Newspapers.</subfield><subfield code="2">fast</subfield><subfield code="0">(OCoLC)fst01423814</subfield></datafield><datafield ind1=" " ind2="7" tag="651"><subfield code="a">Maryland</subfield><subfield code="z">Charles County.</subfield><subfield code="2">fast</subfield><subfield code="0">(OCoLC)fst01212000</subfield></datafield><datafield ind1=" " ind2="7" tag="651"><subfield code="a">Maryland</subfield><subfield code="z">Port Tobacco.</subfield><subfield code="2">fast</subfield><subfield code="0">(OCoLC)fst01221958</subfield></datafield><datafield ind1=" " ind2=" " tag="752"><subfield code="a">United States</subfield><subfield code="b">Maryland</subfield><subfield code="c">Charles</subfield><subfield code="d">Port Tobacco.</subfield></datafield><datafield ind1="0" ind2="0" tag="780"><subfield code="t">Port Tobacco times</subfield><subfield code="w">(DLC)sn 83016329</subfield><subfield code="w">(OCoLC)9717061</subfield></datafield><datafield ind1="0" ind2="7" tag="785"><subfield code="t">Crescent (La Plata, Md.)</subfield><subfield code="w">(DLC)sn 88065730</subfield><subfield code="w">(OCoLC)18778495</subfield></datafield><datafield ind1="0" ind2="7" tag="785"><subfield code="t">Times crescent (La Plata, Md. : 1898)</subfield><subfield code="w">(DLC)sn 85000004</subfield><subfield code="w">(OCoLC)11544286</subfield></datafield></record>